<?xml version="1.0" encoding="utf-8"?>
<record xmlns="http://www.loc.gov/MARC21/slim" xmlns:xsi="http://www.w3.org/2001/XMLSchema-instance" xsi:schemaLocation="http://www.loc.gov/MARC21/slim http://www.loc.gov/standards/marcxml/schema/MARC21slim.xsd">
	<leader>     nam a22     Mi 4500</leader>
	<controlfield tag="001">b12976799</controlfield>
	<controlfield tag="003">UaCaAUL</controlfield>
	<controlfield tag="006">m        d        </controlfield>
	<controlfield tag="007">cr cn |||m|||a</controlfield>
	<controlfield tag="008">190222s1936    ua bc   ob    001 0 ara d</controlfield>
	<datafield ind1=" " ind2=" " tag="040">
		<subfield code="a">ZYU</subfield>
		<subfield code="b">ara</subfield>
		<subfield code="e">rda</subfield>
		<subfield code="c">ZYU</subfield>
	</datafield>
	<datafield ind1=" " ind2=" " tag="090">
		<subfield code="a">DS51.K7</subfield>
		<subfield code="b">Z3 1939</subfield>
	</datafield>
	<datafield ind1="1" ind2=" " tag="100">
		<subfield code="6">880-01</subfield>
		<subfield code="a">Zakī, Muḥammad Amīn,</subfield>
		<subfield code="e">author.</subfield>
	</datafield>
	<datafield ind1="1" ind2="0" tag="245">
		<subfield code="6">880-02</subfield>
		<subfield code="a">Khulāṣat tārīkh al-Kurd wa-Kurdistān min aqdam al-ʻuṣūr al-tārīkhīyah ḥattá al-ān /</subfield>
		<subfield code="c">waḍaʻahu bi-al-lughah al-Kurdīyah al-ʻallāmah al-mif̣ḍāl maʻālī Muḥammad Amīn Zakī bik al-wazīr al-ʻIrāqī ; wa-naqalahu ilá al-ʻAarabīyah wa-ʻallaqa ʻalayhi al-ustādh Muḥammad ʻAlī ʻAwnī.</subfield>
	</datafield>
	<datafield ind1=" " ind2="1" tag="264">
		<subfield code="6">880-03</subfield>
		<subfield code="a">Miṣr :</subfield>
		<subfield code="b">Maṭbaʻat al-Saʻādah,</subfield>
		<subfield code="c">1936.</subfield>
	</datafield>
	<datafield ind1=" " ind2=" " tag="300">
		<subfield code="a">online resource (16, 472, 8, 64 pages, 1 Unnumbered leaf of plate) :</subfield>
		<subfield code="b">portrait, folded map</subfield>
	</datafield>
	<datafield ind1=" " ind2=" " tag="336">
		<subfield code="a">text</subfield>
		<subfield code="2">rdacontent</subfield>
	</datafield>
	<datafield ind1=" " ind2=" " tag="337">
		<subfield code="a">computer</subfield>
		<subfield code="2">rdamedia</subfield>
	</datafield>
	<datafield ind1=" " ind2=" " tag="338">
		<subfield code="a">online resource</subfield>
		<subfield code="2">rdacarrier</subfield>
	</datafield>
	<datafield ind1=" " ind2=" " tag="500">
		<subfield code="a">Part of the Arabic Collections Online (ACO) project, contributed by American University in Cairo Library.</subfield>
	</datafield>
	<datafield ind1=" " ind2=" " tag="504">
		<subfield code="a">Includes bibliographical referencesa and index.</subfield>
	</datafield>
	<datafield ind1=" " ind2=" " tag="500">
		<subfield code="a">Includes errata page.</subfield>
	</datafield>
	<datafield ind1=" " ind2=" " tag="500">
		<subfield code="6">880-04</subfield>
		<subfield code="a">&quot;al-Shaʻb al-Kurdī, Hadhihi al-kharīṭah al-ithnūlūjīyah qad wuḍiʻat ʻalá ḍawʼ kharīṭat al-ʻashāʼir al-Kurdīyah lil-sīr Mārk Sayks, wa-al-kharīṭah al-ithnūlūjīyah fī kitāb (al-arbaʻat qūrun al-akhīrah lil-ʻIrāq) li-Almījr Lūnjrīk, wa-kharīṭat ljnat ʻUṣbat al-Umam, wa-khrīṭah srīyah mawḍūʻah fī 26 Ughusṭus 1912 fī &quot;Samlā&quot; li-ḍubbāṭ al-jaysh al-Hindī. mustarshidan bi-maʻlūmāt wa-mabāḥith &quot;Dāʼirat al-Maʻārif al-Islāmīyah&quot; wa-kitāb (Kūrdilar) al-mutarjam min al-Almānīyah ilá al-Turkīyah.  al-muʼallif [al-tarjamah wa-al-naql ṭibq al-aṣl al-Kurdī. al-mutarjim]&quot; -- Map title and description.</subfield>
	</datafield>
	<datafield ind1=" " ind2=" " tag="533">
		<subfield code="a">Electronic reproduction.</subfield>
		<subfield code="b">New York, N.Y. :</subfield>
		<subfield code="c">New York University,</subfield>
		<subfield code="d">2019.</subfield>
		<subfield code="5">NNU</subfield>
	</datafield>
	<datafield ind1=" " ind2="0" tag="650">
		<subfield code="a">Kurds.</subfield>
	</datafield>
	<datafield ind1=" " ind2="0" tag="651">
		<subfield code="a">Kurdistan</subfield>
		<subfield code="x">History.</subfield>
	</datafield>
	<datafield ind1=" " ind2="7" tag="650">
		<subfield code="a">Kurds.</subfield>
		<subfield code="2">fast</subfield>
		<subfield code="0">(OCoLC)fst00989403</subfield>
	</datafield>
	<datafield ind1=" " ind2="7" tag="651">
		<subfield code="a">Middle East</subfield>
		<subfield code="z">Kurdistan.</subfield>
		<subfield code="2">fast</subfield>
		<subfield code="0">(OCoLC)fst01245586</subfield>
	</datafield>
	<datafield ind1=" " ind2="7" tag="655">
		<subfield code="a">History.</subfield>
		<subfield code="2">fast</subfield>
		<subfield code="0">(OCoLC)fst01411628</subfield>
	</datafield>
	<datafield ind1="1" ind2=" " tag="700">
		<subfield code="a">ʻAwnī, Muḥammad ʻAlī,</subfield>
		<subfield code="e">translator.</subfield>
	</datafield>
	<datafield ind1="2" ind2=" " tag="710">
		<subfield code="a">American University in Cairo.</subfield>
		<subfield code="b">Library.</subfield>
	</datafield>
	<datafield ind1="0" ind2=" " tag="730">
		<subfield code="a">Arabic Collections Online.</subfield>
	</datafield>
	<datafield ind1="0" ind2="8" tag="776">
		<subfield code="i">Print version:</subfield>
		<subfield code="a">Zakī, Muḥammad Amīn, author.</subfield>
		<subfield code="t">Khulāṣat tārīkh al-Kurd wa-Kurdistān min aqdam al-ʻuṣūr al-tārīkhīyah ḥattá al-ān</subfield>
		<subfield code="w">(UaCaAUL)b12976799</subfield>
		<subfield code="w">(OCoLC)318941112</subfield>
	</datafield>
	<datafield ind1="4" ind2="0" tag="856">
		<subfield code="u">http://hdl.handle.net/2333.1/bvq83kmq</subfield>
	</datafield>
	<datafield ind1="1" ind2=" " tag="880">
		<subfield code="6">100-01</subfield>
		<subfield code="a">زكي، محمد أمين.</subfield>
	</datafield>
	<datafield ind1="1" ind2="0" tag="880">
		<subfield code="6">245-02</subfield>
		<subfield code="a">خلاصة تاريخ الكرد وكردستان من أقدم العصور التاريخية حتى الآن /</subfield>
		<subfield code="c">وضعه باللغة الكردية العلامة المفضال معالي محمد أمين زكي بك الوزير العراقي ؛ ونقله إلى العربية وعلق عليه الأستاذ محمد علي عوني.</subfield>
	</datafield>
	<datafield ind1=" " ind2="1" tag="880">
		<subfield code="6">264-03</subfield>
		<subfield code="a">مصر :</subfield>
		<subfield code="b">مطبعة السعادة،</subfield>
		<subfield code="c">1936.</subfield>
	</datafield>
	<datafield ind1=" " ind2=" " tag="880">
		<subfield code="6">500-04</subfield>
		<subfield code="a">&quot;الشعب الكردي، هذه الخريطة الإثنولوجية قد وضعت على ضوء خريطة العشائر الكردية للسير مارك سيكس، والخريطة الإثنولوجية في كتاب (الأربعة قرون الأخيرة للعراق) للميجر لونجريك، وخريطة لجنة عصبة الأمم، وخريطة سرية موضوعة في 26 أغسطس 1912 في &quot;سملا&quot; لضباط الجيش الهندي. مسترشداً بمعلومات ومباحث &quot;دائرة المعارف الإسلامية&quot; وكتاب (كوردلر) المترجم من الألمانية إلى التركية.  المؤلف [الترجمة والنقل طبق الاصل الكردي. المترجم]&quot; -- عنوان الخريطة ووصفها.</subfield>
	</datafield>
	<datafield ind1=" " ind2=" " tag="959">
		<subfield code="a">NNU</subfield>
		<subfield code="b">WEB</subfield>
		<subfield code="c">GENI</subfield>
		<subfield code="t">0</subfield>
		<subfield code="m">Electronic access</subfield>
		<subfield code="s">01</subfield>
	</datafield>
	<datafield ind1=" " ind2=" " tag="999">
		<subfield code="i">UaCaAUL_b12976799</subfield>
		<subfield code="o">(OCoLC)ocn318941112</subfield>
		<subfield code="s">auc_aco000399</subfield>
		<subfield code="e">(ERROR-880)</subfield>
	</datafield>
</record>
